@article{einstein,
  author =       "Albert Einstein",
  title =        "{Zur Elektrodynamik bewegter K{\"o}rper}. ({German})
                 [{On} the electrodynamics of moving bodies]",
  journal =      "Annalen der Physik",
  volume =       "322",
  number =       "10",
  pages =        "891--921",
  year =         "1905",
  DOI =          "http://dx.doi.org/10.1002/andp.19053221004"
}

@book{latexcompanion,
    author    = "Michel Goossens and Frank Mittelbach and Alexander Samarin",
    title     = "The \LaTeX\ Companion",
    year      = "1993",
    publisher = "Addison-Wesley",
    address   = "Reading, Massachusetts"
}
 
@misc{knuthwebsite,
    author    = "Donald Knuth",
    title     = "Knuth: Computers and Typesetting",
    url       = "http://www-cs-faculty.stanford.edu/\~{}uno/abcde.html"
}

@INPROCEEDINGS{papageorgiou, 
author={D. Papageorgiou and Z. Doulgeri}, 
booktitle={2015 IEEE International Conference on Robotics and Automation (ICRA)}, 
title={A kinematic controller for human-robot handshaking using internal motion adaptation}, 
year={2015}, 
volume={}, 
number={}, 
pages={5622-5627}, 
keywords={end effectors;force control;human-robot interaction;manipulator kinematics;motion control;nonlinear dynamical systems;KUKA LWR4+ 7dof arm;adaptation mechanism;admittance controller;attractive limit cycle;consensus oscillation;fast motion synchronization;human-robot handshaking;interaction force minimization;internal motion adaptation;internal robot handshake motion;kinematic controller;nonlinear dynamic system;passiveness level;Admittance;Force;Generators;Limit-cycles;Oscillators;Robots;Synchronization}, 
doi={10.1109/ICRA.2015.7139986}, 
ISSN={1050-4729}, 
month={May},}

@INPROCEEDINGS{facialexpressions, 
author={M. Y. Tsalamlal and J. C. Martin and M. Ammi and A. Tapus and M. A. Amorim}, 
booktitle={2015 International Conference on Affective Computing and Intelligent Interaction (ACII)}, 
title={Affective handshake with a humanoid robot: How do participants perceive and combine its facial and haptic expressions?}, 
year={2015}, 
volume={}, 
number={}, 
pages={334-340}, 
keywords={force feedback;haptic interfaces;human-robot interaction;humanoid robots;affective handshake;arousal dimensions;dominance dimensions;emotional dimensions;expressive humanoid robot;facial expressions;haptic feedback;information integration theory framework;valence dimensions;Emotion recognition;Force;Grasping;Humanoid robots;Thumb;emotion;facial expression;handshake;human-robot interaction}, 
doi={10.1109/ACII.2015.7344592}, 
ISSN={}, 
month={Sept},}

@INPROCEEDINGS{espen, 
author={E. Knoop and M. Bächer and V. Wall and R. Deimel and O. Brock and P. Beardsley}, 
booktitle={2017 IEEE/RSJ International Conference on Intelligent Robots and Systems (IROS)}, 
title={Handshakiness: Benchmarking for human-robot hand interactions}, 
year={2017}, 
volume={}, 
number={}, 
pages={4982-4989}, 
keywords={area measurement;dexterous manipulators;haptic interfaces;human-robot interaction;pressure measurement;contact area measurement;contact locations;contact points;contact pressure distribution;handshakiness;human handshaking interactions;human haptic perception;human-human handshaking;human-robot hand interactions;human-robot handshakes;human-robot handshaking;iterative design;sensorized palm;social hand interactions;Area measurement;Grasping;Paints;Pressure measurement;Robot sensing systems}, 
doi={10.1109/IROS.2017.8206381}, 
ISSN={}, 
month={Sept},}

@article{mirrorgame,
author = {Zhai, Chao and Alderisio, Francesco and Słowiński, Piotr and Tsaneva-Atanasova, Krasimira and Di Bernardo, Mario},
year = {2016},
month = {04},
pages = {e0154361},
title = {Design of a Virtual Player for Joint Improvisation with Humans in the Mirror Game},
volume = {11},
booktitle = {PLoS ONE}
}
@INPROCEEDINGS{catalanopisa, 
author={M. G. Catalano and G. Grioli and A. Serio and E. Farnioli and C. Piazza and A. Bicchi}, 
booktitle={2012 12th IEEE-RAS International Conference on Humanoid Robots (Humanoids 2012)}, 
title={Adaptive synergies for a humanoid robot hand}, 
year={2012}, 
volume={}, 
number={}, 
pages={7-14}, 
keywords={human-robot interaction;humanoid robots;manipulators;THE UNIPI-hand;adaptive synergies;hand shape;hand under-actuation framework;humanoid robot hand;humanoid shape;soft synergies;Equations;Force;Grasping;Jacobian matrices;Joints;Prototypes;Robots}, 
doi={10.1109/HUMANOIDS.2012.6651492}, 
ISSN={2164-0572}, 
month={Nov},}

@INPROCEEDINGS{multipurposegripper, 
author={M. Choi and D. Lee and H. Park and Y. Kim and G. Jang and Y. Shin and J. Park and M. Baeg and J. Bae}, 
booktitle={2017 56th Annual Conference of the Society of Instrument and Control Engineers of Japan (SICE)}, 
title={Development of multi-purpose universal gripper}, 
year={2017}, 
volume={}, 
number={}, 
pages={1421-1424}, 
keywords={adaptive control;batch production systems;grippers;industrial manipulators;motion control;underactuated-method gripper;production lines;mass production;batch production;multipurpose universal gripper;adaptive grasping;Grippers;Thumb;Actuators;Grasping;Robot sensing systems;Universal gripper;modular gripper;fully actuated gripper}, 
doi={10.23919/SICE.2017.8105739}, 
ISSN={}, 
month={Sept},}

@INPROCEEDINGS{fsrdatasheet,
author={Interlink Electronics Inc.},
booktitle={FSR 402 Data Sheet},
title={PN: 34-00015 Model 402 Short Tail}
}
@INPROCEEDINGS{calibFSR, 
author={J. A. Flórez and A. Velásquez}, 
booktitle={2010 IEEE ANDESCON}, 
title={Calibration of force sensing resistors (fsr) for static and dynamic applications}, 
year={2010}, 
volume={}, 
number={}, 
pages={1-6}, 
keywords={calibration;force sensors;resistors;force sensing resistor calibration;static application;dynamic application;force loading;mechatronic device;Force;Hysteresis;Creep;Calibration;Voltage measurement;Interpolation;Force measurement;FSR;calibration;creep;hysteresis}, 
doi={10.1109/ANDESCON.2010.5633120}, 
ISSN={}, 
month={Sept},}