@INPROCEEDINGS{papageorgiou, 
author={D. Papageorgiou and Z. Doulgeri}, 
booktitle={2015 IEEE International Conference on Robotics and Automation (ICRA)}, 
title={A kinematic controller for human-robot handshaking using internal motion adaptation}, 
year={2015}, 
volume={}, 
number={}, 
pages={5622-5627}, 
keywords={end effectors;force control;human-robot interaction;manipulator kinematics;motion control;nonlinear dynamical systems;KUKA LWR4+ 7dof arm;adaptation mechanism;admittance controller;attractive limit cycle;consensus oscillation;fast motion synchronization;human-robot handshaking;interaction force minimization;internal motion adaptation;internal robot handshake motion;kinematic controller;nonlinear dynamic system;passiveness level;Admittance;Force;Generators;Limit-cycles;Oscillators;Robots;Synchronization}, 
doi={10.1109/ICRA.2015.7139986}, 
ISSN={1050-4729}, 
month={May},}

@INPROCEEDINGS{fsrdatasheet,
author={Interlink Electronics Inc.},
booktitle={FSR 402 Data Sheet},
title={PN: 34-00015 Model 402 Short Tail}
}
@INPROCEEDINGS{calibFSR, 
author={J. A. Flórez and A. Velásquez}, 
booktitle={2010 IEEE ANDESCON}, 
title={Calibration of force sensing resistors (fsr) for static and dynamic applications}, 
year={2010}, 
volume={}, 
number={}, 
pages={1-6}, 
keywords={calibration;force sensors;resistors;force sensing resistor calibration;static application;dynamic application;force loading;mechatronic device;Force;Hysteresis;Creep;Calibration;Voltage measurement;Interpolation;Force measurement;FSR;calibration;creep;hysteresis}, 
doi={10.1109/ANDESCON.2010.5633120}, 
ISSN={}, 
month={Sept},}

@inproceedings{arns2017design,
  title={Design, control and experimental validation of a haptic robotic hand performing human-robot handshake with human-like agility},
  author={Arns, Moritz and Lalibert{\'e}, Thierry and Gosselin, Cl{\'e}ment},
  booktitle={Intelligent Robots and Systems (IROS), 2017 IEEE/RSJ International Conference on},
  pages={4626--4633},
  year={2017},
  organization={IEEE}
}



@inproceedings{knoop2017handshakiness,
  title={Handshakiness: Benchmarking for human-robot hand interactions},
  author={Knoop, Espen and B{\"a}cher, Moritz and Wall, Vincent and Deimel, Raphael and Brock, Oliver and Beardsley, Paul},
  booktitle={Intelligent Robots and Systems (IROS), 2017 IEEE/RSJ International Conference on},
  pages={4982--4989},
  year={2017},
  organization={IEEE}
}

@inproceedings{arns2017design,
  title={Design, control and experimental validation of a haptic robotic hand performing human-robot handshake with human-like agility},
  author={Arns, Moritz and Lalibert{\'e}, Thierry and Gosselin, Cl{\'e}ment},
  booktitle={Intelligent Robots and Systems (IROS), 2017 IEEE/RSJ International Conference on},
  pages={4626--4633},
  year={2017},
  organization={IEEE}
}

@article{pedemonte2016design,
  title={Design, control, and experimental validation of a handshaking reactive robotic interface},
  author={Pedemonte, Nicol{\`o} and Lalibert{\'e}, Thierry and Gosselin, Cl{\'e}ment},
  journal={Journal of Mechanisms and Robotics},
  volume={8},
  number={1},
  pages={011020},
  year={2016},
  publisher={American Society of Mechanical Engineers}
}

@article{witney2004cutaneous,
  title={The cutaneous contribution to adaptive precision grip},
  author={Witney, Alice G and Wing, Alan and Thonnard, Jean-Louis and Smith, Allan M},
  journal={Trends in neurosciences},
  volume={27},
  number={10},
  pages={637--643},
  year={2004},
  publisher={Elsevier}
}

@article{catalano2014adaptive,
  title={Adaptive synergies for the design and control of the Pisa/IIT SoftHand},
  author={Catalano, Manuel G and Grioli, Giorgio and Farnioli, Edoardo and Serio, Alessandro and Piazza, Cristina and Bicchi, Antonio},
  journal={The International Journal of Robotics Research},
  volume={33},
  number={5},
  pages={768--782},
  year={2014},
  publisher={SAGE Publications Sage UK: London, England}
}

@article{eliasson1995development,
  title={Development of human precision grip. V. anticipatory and triggered grip actions during sudden loading.},
  author={Eliasson, AC and Forssberg, H and Ikuta, K and Apel, I and Westling, G and Johansson, R},
  journal={Experimental brain research},
  volume={106},
  number={3},
  pages={425},
  year={1995}
}

@article{pedemonte2017haptic,
  title={A haptic bilateral system for the remote human--human handshake},
  author={Pedemonte, Nicolo and Lalibert{\'e}, Thierry and Gosselin, Cl{\'e}ment},
  journal={Journal of Dynamic Systems, Measurement, and Control},
  volume={139},
  number={4},
  pages={044503},
  year={2017},
  publisher={American Society of Mechanical Engineers}
}

@article{johansson1992sensory,
  title={Sensory-motor coordination during grasping and manipulative actions},
  author={Johansson, Roland S and Cole, Kelly J},
  journal={Current opinion in neurobiology},
  volume={2},
  number={6},
  pages={815--823},
  year={1992},
  publisher={Elsevier}
}

@article{wang2011handshake,
  title={Handshake: Realistic human-robot interaction in haptic enhanced virtual reality},
  author={Wang, Zheng and Giannopoulos, Elias and Slater, Mel and Peer, Angelika},
  journal={Presence},
  volume={20},
  number={4},
  pages={371--392},
  year={2011},
  publisher={MITP}
}

@inproceedings{karniel2010turing,
  title={A Turing-like handshake test for motor intelligence},
  author={Karniel, Amir and Nisky, Ilana and Avraham, Guy and Peles, Bat-Chen and Levy-Tzedek, Shelly},
  booktitle={International Conference on Human Haptic Sensing and Touch Enabled Computer Applications},
  pages={197--204},
  year={2010},
  organization={Springer}
}

@inproceedings{ajoudani2016reflex,
  title={Reflex control of the pisa/iit softhand during object slippage},
  author={Ajoudani, Arash and Hocaoglu, Elif and Altobelli, Alessandro and Rossi, Matteo and Battaglia, Edoardo and Tsagarakis, Nikos and Bicchi, Antonio},
  booktitle={Robotics and Automation (ICRA), 2016 IEEE International Conference on},
  pages={1972--1979},
  year={2016},
  organization={IEEE}
}

@article{Tsalamlal2015,
author = {Tsalamlal, Mohamed Yassine and Martin, Jean-Claude and Ammi, Mehdi and Tapus, A. and Amorim, M-A.},
isbn = {9781479999538},
journal = {Proc. 6th Conf Affective Computing and Intelligent Interaction},
keywords = {emotion,facial expression,handshake,human-},
pages = {334--340},
title = {Affective Handshake with a Humanoid Robot: How do Participants Perceive and Combine its Facial and Haptic Expressions?},
year = {2015}
}


@inproceedings{fitter2016using,
  title={Using {IMU} data to demonstrate hand-clapping games to a robot},
  author={Fitter, Naomi T and Kuchenbecker, Katherine J},
  booktitle={Intelligent Robots and Systems (IROS), IEEE/RSJ Int. Conf.},
  pages={851--856},
  year={2016},
  organization={IEEE}
}

@inproceedings{shimizu1997relationship,
  title={The relationship between human grip types and force distribution pattern in grasping},
  author={Shimizu, Shunji and Shimojo, Makoto and Sato, Sigeru and Seki, Yoshikazu and Takahashi, Akihiko and Inukai, Yukio and Yoshioka, Matsutaro},
  booktitle={Advanced Robotics (ICAR). Proc. 8th Int. Conf.},
  pages={299--304},
  year={1997},
  organization={IEEE}
}

@article{Wang2007a,
author = {Wang, Zheng and Hoelldampf, J and Buss, Martin},
journal = {Proc. 10th Ann. Int. Workshop Presence.},
pages = {349--357},
title = {Design and performance of a haptic data acquisition glove},
year = {2007}
}

@inproceedings{tagne2016measurement,
  title={Measurement and analysis of physical parameters of the handshake between two persons according to simple social contexts},
  author={Tagne, Gilles and H{\'e}naff, Patrick and Gregori, Nicolas},
  booktitle={Intelligent Robots and Systems (IROS), IEEE/RSJ Int. Conf.},
  pages={674--679},
  year={2016},
  organization={IEEE}
}

@article{zhai2016design,
  title={Design of a virtual player for joint improvisation with humans in the mirror game},
  author={Zhai, Chao and Alderisio, Francesco and S{\l}owi{\'n}ski, Piotr and Tsaneva-Atanasova, Krasimira and di Bernardo, Mario},
  journal={PloS one},
  volume={11},
  number={4},
  pages={e0154361},
  year={2016},
  publisher={Public Library of Science}
}

@article{mashat2017human,
  title={Human-to-human closed-loop control based on brain-to-brain interface and muscle-to-muscle interface},
  author={Mashat, M Ebrahim M and Li, Guangye and Zhang, Dingguo},
  journal={Scientific reports},
  volume={7},
  number={1},
  pages={11001},
  year={2017},
  publisher={Nature Publishing Group}
}

@article{lele1954reaction,
  title={The reaction time to touch},
  author={Lele, PP and Sinclair, DC and Weddell, G},
  journal={The Journal of physiology},
  volume={123},
  number={1},
  pages={187--203},
  year={1954},
  publisher={Wiley Online Library}
}

@phdthesis{wang2010high,
  title={High-Fidelity Haptics in Multimodal Human-Robot Interaction},
  author={Wang, Zheng},
  year={2010},
  school={Technische Universit{\"a}t M{\"u}nchen}
}

@article{chaplin2000handshaking,
  title={Handshaking, gender, personality, and first impressions.},
  author={Chaplin, William F and Phillips, Jeffrey B and Brown, Jonathan D and Clanton, Nancy R and Stein, Jennifer L},
  journal={Journal of personality and social psychology},
  volume={79},
  number={1},
  pages={110},
  year={2000},
  publisher={American Psychological Association}
}

@article{sheridan2016human,
  title={Human--robot interaction: status and challenges},
  author={Sheridan, Thomas B},
  journal={Human factors},
  volume={58},
  number={4},
  pages={525--532},
  year={2016},
  publisher={SAGE Publications Sage CA: Los Angeles, CA}
}

@inproceedings{melnyk2014analysis,
  title={Analysis of synchrony of a handshake between humans},
  author={Melnyk, AA and Borysenko, V Ph and H{\'e}naff, Patrick},
  booktitle={2014 IEEE/ASME International Conference on Advanced Intelligent Mechatronics},
  pages={1753--1758},
  year={2014},
  organization={IEEE}
}

@inproceedings{vanello2010neural,
  title={Neural correlates of human-robot handshaking},
  author={Vanello, Nicola and Bonino, Daniela and Ricciardi, Emiliano and Tesconi, Mario and Scilingo, Enzo P and Hartwig, Valentina and Tognetti, Alessandro and Zupone, Giuseppe and Cutolo, Fabrizio and Giovannetti, Giulio and others},
  booktitle={RO-MAN, 2010 IEEE},
  pages={555--561},
  year={2010},
  organization={IEEE}
}

@inproceedings{ammi2015haptic,
  title={Haptic human-robot affective interaction in a handshaking social protocol},
  author={Ammi, Mehdi and Demulier, Virginie and Caillou, Sylvain and Gaffary, Yoren and Tsalamlal, Yacine and Martin, Jean-Claude and Tapus, Adriana},
  booktitle={Proceedings of the Tenth Annual ACM/IEEE International Conference on Human-Robot Interaction},
  pages={263--270},
  year={2015},
  organization={ACM}
}